<record><leader>00000cas a2200000 a 4500</leader><controlfield tag="001">13587853</controlfield><controlfield tag="008">860519d18721986mouwr ne      0    0eng d</controlfield><datafield ind1=" " ind2=" " tag="010"><subfield code="a">sn 86064001 </subfield></datafield><datafield ind1=" " ind2=" " tag="040"><subfield code="a">KSH</subfield><subfield code="b">eng</subfield><subfield code="c">KSH</subfield><subfield code="d">NPT</subfield><subfield code="d">NPX</subfield><subfield code="d">MQN</subfield><subfield code="d">NVF</subfield><subfield code="d">OCL</subfield><subfield code="d">OCLCQ</subfield><subfield code="d">OCLCF</subfield><subfield code="d">OCLCO</subfield></datafield><datafield ind1="1" ind2=" " tag="029"><subfield code="a">AU@</subfield><subfield code="b">000022169393</subfield></datafield><datafield ind1=" " ind2=" " tag="042"><subfield code="a">msc</subfield></datafield><datafield ind1=" " ind2=" " tag="043"><subfield code="a">n-us-mo</subfield></datafield><datafield ind1="0" ind2="0" tag="245"><subfield code="a">Crawford mirror.</subfield></datafield><datafield ind1=" " ind2=" " tag="260"><subfield code="a">Steelville, Crawford County, Mo. :</subfield><subfield code="b">Thos. H. Roberts,</subfield><subfield code="c">1872-1986.</subfield></datafield><datafield ind1=" " ind2=" " tag="300"><subfield code="a">v.</subfield></datafield><datafield ind1=" " ind2=" " tag="310"><subfield code="a">Weekly</subfield></datafield><datafield ind1="0" ind2=" " tag="362"><subfield code="a">Vol. 1, no. 1 (May 4, 1872)-v. 115, no. 18 (June 26, 1986).</subfield></datafield><datafield ind1=" " ind2="0" tag="651"><subfield code="a">Crawford County (Mo.)</subfield><subfield code="v">Newspapers.</subfield></datafield><datafield ind1=" " ind2="0" tag="651"><subfield code="a">Steelville (Mo.)</subfield><subfield code="v">Newspapers.</subfield></datafield><datafield ind1=" " ind2="7" tag="655"><subfield code="a">Newspapers.</subfield><subfield code="2">fast</subfield><subfield code="0">(OCoLC)fst01423814</subfield></datafield><datafield ind1=" " ind2="7" tag="651"><subfield code="a">Missouri</subfield><subfield code="z">Crawford County.</subfield><subfield code="2">fast</subfield><subfield code="0">(OCoLC)fst01218526</subfield></datafield><datafield ind1=" " ind2="7" tag="651"><subfield code="a">Missouri</subfield><subfield code="z">Steelville.</subfield><subfield code="2">fast</subfield><subfield code="0">(OCoLC)fst01880574</subfield></datafield><datafield ind1=" " ind2=" " tag="752"><subfield code="a">United States</subfield><subfield code="b">Missouri</subfield><subfield code="c">Crawford</subfield><subfield code="d">Steelville.</subfield></datafield><datafield ind1="0" ind2="5" tag="780"><subfield code="t">Steelville ledger</subfield><subfield code="w">(DLC)sn 90061736</subfield></datafield><datafield ind1="0" ind2="5" tag="780"><subfield code="t">News and review (Cuba, Mo.)</subfield><subfield code="w">(DLC)sn 89066924</subfield></datafield><datafield ind1="0" ind2="7" tag="785"><subfield code="t">Steelville star</subfield></datafield><datafield ind1="0" ind2="7" tag="785"><subfield code="t">Steelville star-Crawford mirror</subfield><subfield code="w">(DLC)sn 90061731</subfield></datafield></record>